<record><leader>00000cas a22000007a 4500</leader><controlfield tag="001">11588197</controlfield><controlfield tag="008">850116d18901891wiumr ne      0    0eng d</controlfield><datafield ind1=" " ind2=" " tag="010"><subfield code="a">sn 85040020 </subfield></datafield><datafield ind1=" " ind2=" " tag="040"><subfield code="a">NPV</subfield><subfield code="b">eng</subfield><subfield code="c">NPV</subfield><subfield code="d">OCLCQ</subfield></datafield><datafield ind1=" " ind2=" " tag="052"><subfield code="a">msc</subfield></datafield><datafield ind1=" " ind2=" " tag="052"><subfield code="a">4123</subfield><subfield code="b">P8</subfield></datafield><datafield ind1="0" ind2="4" tag="245"><subfield code="a">The Kennan banner.</subfield></datafield><datafield ind1=" " ind2=" " tag="260"><subfield code="a">Kennan, Wis. :</subfield><subfield code="b">W.W. Yarham,</subfield><subfield code="c">1890-1891.</subfield></datafield><datafield ind1=" " ind2=" " tag="300"><subfield code="a">v.</subfield></datafield><datafield ind1=" " ind2=" " tag="310"><subfield code="a">Monthly</subfield></datafield><datafield ind1="0" ind2=" " tag="362"><subfield code="a">Vol. 1, no. 1 (Aug. 1890)-v. 1, no. 9 (Apr. 1891).</subfield></datafield><datafield ind1=" " ind2=" " tag="752"><subfield code="a">United States</subfield><subfield code="b">Wisconsin</subfield><subfield code="c">Price</subfield><subfield code="d">Kennan.</subfield></datafield></record>